@inproceedings{mauborgne:rival05,
	author = "Laurent Mauborgne and Xavier Rival",
	title = "Trace Partitioning in Abstract Interpretation Based Static Analyzers",
	booktitle = "European Symposium on Programming (ESOP'05)",
	volume = 3444,
	series = "Lecture Notes in Computer Science",
	year = 2005,
	publisher = "Springer-Verlag",
	editor = "M. Sagiv",
	pages = "5--20",
}

@article{mauborgne:rival07,
	title={The trace partitioning abstract domain},
	author={Rival, X. and Mauborgne, L.},
	journal={ACM Transactions on Programming Languages and Systems (TOPLAS)},
	volume={29},
	number={5},
	pages={26--es},
	year={2007},
	publisher={ACM}
}

@inproceedings{cousot:cousot77,
	title={Abstract interpretation: a unified lattice model for static analysis of programs by construction or approximation of fixpoints},
	author={Cousot, P. and Cousot, R.},
	booktitle={Proceedings of the 4th ACM SIGACT-SIGPLAN symposium on Principles of programming languages},
	pages={238--252},
	year={1977},
	organization={ACM}
}

@article{cousot:cousot04,
	title={Basic concepts of abstract interpretation},
	author={Cousot, P. and Cousot, R.},
	journal={Building the Information Society},
	pages={359--366},
	year={2004},
	publisher={Springer}
}

@inproceedings{cousot01,
	title={Abstract interpretation based formal methods and future challenges},
	author={Cousot, P.},
	booktitle={Informatics},
	pages={138--156},
	year={2001},
	organization={Springer}
}

@article{mine06,
	title={The octagon abstract domain},
	author={Min{\'e}, A.},
	journal={Higher-Order and Symbolic Computation},
	volume={19},
	number={1},
	pages={31--100},
	year={2006},
	publisher={Springer}
}

@inproceedings{cousot78,
	title={Automatic discovery of linear restraints among variables of a program},
	author={Cousot, P. and Halbwachs, N.},
	booktitle={Proceedings of the 5th ACM SIGACT-SIGPLAN symposium on Principles of programming languages},
	pages={84--96},
	year={1978},
	organization={ACM}
}

@article{cousot02,
	title={Constructive design of a hierarchy of semantics of a transition system by abstract interpretation},
	author={Cousot, P.},
	journal={Theoretical Computer Science},
	volume={277},
	number={1-2},
	pages={47--103},
	year={2002},
	publisher={Elsevier}
}

@inproceedings{jeannet09,
	title={Apron: A library of numerical abstract domains for static analysis},
	author={Jeannet, B. and Min{\'e}, A.},
	booktitle={Computer Aided Verification},
	pages={661--667},
	year={2009},
	organization={Springer}
}

@article{floyd67,
	title={Assigning meanings to programs},
	author={Floyd, R.W.},
	journal={Mathematical aspects of computer science},
	volume={19},
	number={19-32},
	pages={1},
	year={1967}
}

@article{hoare69,
	title={An axiomatic basis for computer programming},
	author={Hoare, C.A.R.},
	journal={Communications of the ACM},
	volume={12},
	number={10},
	pages={576--580},
	year={1969},
	publisher={ACM}
}

@misc{wiki:scala,
	author = "Wikipedia",
	title = "Scala (programming language) --- Wikipedia{,} The Free Encyclopedia",
	year = "2011",
	url = "http://en.wikipedia.org/w/index.php?title=Scala_(programming_language)&oldid=445145358",
	note = "[Online; accessed 16-August-2011]"
}

@misc{wiki:uml,
	author = "Wikipedia",
	title = "Unified Modeling Language --- Wikipedia{,} The Free Encyclopedia",
	year = "2011",
	url = "http://en.wikipedia.org/w/index.php?title=Unified_Modeling_Language&oldid=443821995",
	note = "[Online; accessed 16-August-2011]"
}

@inproceedings{ferrara10,
	author = {P. Ferrara},
	title = {Static Type Analysis of Pattern Matching by Abstract Interpretation},
	year = {2010},
	booktitle = {Formal Techniques for Distributed Systems (FMOODS/FORTE)},
	publisher = {Springer-Verlag},
	series = {Lecture Notes in Computer Science},
	volume = {6117},
	pages = {186-200}
}
 
@inproceedings{costantini:ferrara:cortesi11,
	author = {G. Costantini and P. Ferrara and A. Cortesi},
	title = {Static Analysis of String Values},
	booktitle = {International Conference on Formal Engineering Methods (ICFEM)},
	year = {2011},
	publisher = {Springer},
	series = {Lecture Notes in Computer Science},
	month = {October},
	volume = {6991},
	note = {To appear}
}
