@article{sagiv2002parametric,
  title={Parametric shape analysis via 3-valued logic},
  author={Sagiv, M. and Reps, T. and Wilhelm, R.},
  journal={ACM Transactions on Programming Languages and Systems (TOPLAS)},
  volume={24},
  number={3},
  pages={217--298},
  year={2002},
  publisher={ACM}
}
@inproceedings{wilhelm2000shape,
  title={Shape analysis},
  author={Wilhelm, R. and Sagiv, M. and Reps, T.},
  booktitle={Compiler Construction},
  pages={1--17},
  year={2000},
  organization={Springer}
}

@article{lev2000tvla,
  title={TVLA: A framework for kleene logic based static analyses},
  author={Lev-Ami, T. and Sagiv, M.},
  journal={Master's thesis, Tel Aviv University},
  year={2000}
}

@inproceedings{cousot1977abstract,
  title={Abstract interpretation: a unified lattice model for static analysis of
    programs by construction or approximation of fixpoints}, 
  author={Cousot, P. and Cousot, R.},
  booktitle={Proceedings of the 4th ACM SIGACT-SIGPLAN symposium on Principles of programming languages},
  pages={238--252},
  year={1977},
  organization={ACM}
}
@inproceedings{cousot1979systematic,
  title={Systematic design of program analysis frameworks},
  author={Cousot, P. and Cousot, R.},
  booktitle={Proceedings of the 6th ACM SIGACT-SIGPLAN symposium on Principles of programming languages},
  pages={269--282},
  year={1979},
  organization={ACM}
}
@inproceedings{CostantiniFerraraCortesi11,
 author = {G. Costantini and P. Ferrara and A. Cortesi},
 title = {Static Analysis of String Values},
 booktitle = {International Conference on Formal Engineering Methods (ICFEM)},
 year = {2011},
 publisher = {Springer},
 series = {Lecture Notes in Computer Science},
 month = {October},
 volume = {6991},
 note = {To appear}
}
@inproceedings{Ferrara10,
 author = {P. Ferrara},
 title = {Static Type Analysis of Pattern Matching by Abstract Interpretation},
 year = {2010},
 booktitle = {Formal Techniques for Distributed Systems (FMOODS/FORTE)},
 publisher = {Springer-Verlag},
 series = {Lecture Notes in Computer Science},
 volume = {6117},
 pages = {186-200}
}
@inproceedings{lev2006abstraction,
  title={Abstraction for shape analysis with fast and precise transformers},
  author={Lev-Ami, T. and Immerman, N. and Sagiv, M.},
  booktitle={Computer Aided Verification},
  pages={547--561},
  year={2006},
  organization={Springer}
}
@article{manevich2004partially,
  title={Partially disjunctive heap abstraction},
  author={Manevich, R. and Sagiv, M. and Ramalingam, G. and Field, J.},
  journal={Static Analysis},
  pages={159--412},
  year={2004},
  publisher={Springer}
}
 


